@book{stahl:modellgetriebene_SE,
  author	   = {Thomas Stahl, Markus Völker, Sven Efftlinge, Arno Haase},
  title		   = {Modellgetriebene Softwareentwicklung - Techniken, Engineering, Management},
  edition	   = {2},
  publisher	   = {dpunkt.verlag},
  isbn		   = {978-3-89864-448-8},
  year		   = {2007},
  page  	   = {11-13},
}  

@Misc{SMC:2012,
  author       = {Charles Rapp, François Perrad },
  title        = {Home of SMC - The State Machine Compiler},
  year         = {2012},
  HOWPUBLISHED = {Webseite},
  note         = {URL: \url{http://smc.sourceforge.net/};
                  besucht am 12.3.2012.}
}
@Misc{Acceleo:2012,
  title        = {Acceleo},
  year         = {2012},
  HOWPUBLISHED = {Webseite},
  note         = {URL: \url{http://www.acceleo.org/pages/home/en};
                  besucht am 12.3.2012.}
}

@Misc{Acceleo_MDA:2012,
  title        = {Acceleo},
  year         = {2012},
  HOWPUBLISHED = {Webseite},
  note         = {URL: \url{http://www.acceleo.org/pages/mda-and-acceleo/en};
                  besucht am 12.3.2012.} 
}
@Misc{Acceleo_intro:2012,
  title        = {Acceleo},
  year         = {2012},
  HOWPUBLISHED = {Webseite},
  note         = {URL: \url{http://www.acceleo.org/pages/welcome/en};
                  besucht am 12.3.2012.} 
}
@Misc{Eclipse_UML2_Javadoc:2012,
  title        = {Eclipse documentation},
  year         = {2012},
  HOWPUBLISHED = {Webseite},
  note         = {URL: \url{http://help.eclipse.org/indigo/index.jsp?topic=%2Forg.eclipse.uml2.doc%2Freferences%2Fjavadoc%2Forg%2Feclipse%2Fuml2%2Fuml%2FOpaqueExpression.html};
                  besucht am 20.6.2012.} 
}


@MANUAL{Acceleo:user_guide,
    author = {Jonathan Musset, Étienne Juiot, Stéphane Lacrampe},
    organization = {OBEO},
    title = {Acceleo User Guide},
    year = {2008},
    note         = { URL: \url{http://www.acceleo.org/doc/obeo/en/acceleo-2.6-user-guide.pdf}},
}
@MANUAL{Topcased:introduction,
    author = {Patrick Farail},
    organization = {Airbus},
    title = {Toolkit in OPen-source for Critical Applications \& SystEms Development},
    note         = { URL: \url{www.gforge.enseeiht.fr/docman/view.php/52/3627/TOPCASED-presentation-2h.pdf}},
}

@Misc{OSGi:2012,
  title        = {OSGi},
  organization = {OSGi Alliance},
  year         = {2012},
  HOWPUBLISHED = {Webseite},
  note         = {\url{http://www.osgi.org/}; 
                  besucht am 28.3.2012.} 
}

@INPROCEEDINGS{Valkyrie:2012,
  author 	= {Thomas Buchmann},
  title 	= {{Valkyrie: A UML-Based Model-Driven Environment for Model-Driven
Software Engineering}},
  year 		= {2012},
  booktitle = {Proceedings of the 7th International Conference on Software Paradigm Trends},
  location 	= {Rome, Italy}
}

@Misc{OMG:MDA,
  title        = {OMG Model Driven Architecture},
  year         = {2012},
  HOWPUBLISHED = {Webseite},
  note         = {\url{http://www.omg.org/mda/};
                  besucht am 25.3.2012.}
}


@Misc{Acceleo:MOFM2T,
  title        = {Acceleo Wiki},
  year         = {2012},
  HOWPUBLISHED = {Webseite},
  note         = {\url{http://wiki.eclipse.org/Acceleo/Specification};
                  besucht am 25.3.2012.}
}

@Misc{Acceleo:wiki,
  title        = {Acceleo Wiki},
  year         = {2012},
  HOWPUBLISHED = {Webseite},
  note         = {\url{http://wiki.eclipse.org/Acceleo};
                  besucht am 24.4.2012.}
}

@book{mda_gruhn:2006,
title			= {MDA® Effektives Software-Engineering mit UML 2® und Eclipse™},
author			= {Volker Gruhn, Daniel Pieper,Carsten Röttgers},
publisher		= {Springer Berlin Heidelberg},
isbn			= {978-3-540-28744-5},
year			= {2006},
}

@book{stoe:UML2,
title			= {UML 2 erfolgreich einsetzen - Einführung und Referenz},
author			= {Harald Störrle},
publisher		= {Addison-Wesley, München},
isbn			= {3827322685},
year			= {2005},
}

@MANUAL{Omg_Superstructure:2011,
   title = {UML Superstructure},
   author = {OMG},
   organization = {Object Management Group},
   address = {Needham, MA},
   edition = {formal/2011-08-06},
   month = aug,
   year = {2011},
   timestamp = {24.3.2012},
   note         = {URL: \url{http://www.omg.org/spec/UML/2.4.1/}; besucht am 11.3.2012.}
}

@MANUAL{Omg_Infrastructure:2011,
   title = {UML Infrastructure},
   author = {OMG},
   organization = {Object Management Group},
   address = {Needham, MA},
   edition = {formal/2011-08-05},
   month = aug,
   year = {2011},
   note         = {URL: \url{http://www.omg.org/spec/UML/2.4.1/Infrastructure/PDF/}; besucht am 9.7.2012.}
}

@MANUAL{Altova_UModel:2012,
   title = {Altova UModel 2012 Benutzer- und Referenzhandbuch},
   author = {Altova GmbH},
   organization = {Altova GmbH},
   year = {2012},
   note         = {URL: \url{http://www.altova.com/de/documents/UModelEnt.pdf}}
}

@MANUAL{Java_conv:1997,
   title = {Java Code Conventions},
   author = {Sun},
   organization = {Sun Microsystems},
   address = {Mountain View, California},
   edition = {formal/1997-09-12}, 
   month = sep,
   year = {1997},
   note         = {URL: \url{http://java.sun.com/docs/codeconv/CodeConventions.pdf}}
}

@MANUAL{MDA:2003,
   title = {MDA Guide Version 1.0.1},
   author = {OMG},
   organization = {OMG},
   edition = {omg/2003-06-01},
   month = jun,
   year = {2003},
   timestamp = {25.3.2012}, 
   note         = { URL: \url{http://www.omg.org/cgi-bin/doc?omg/03-06-01}; besucht am 24.3.2012},
}

@MANUAL{Omg_OCL:2012,
   title = {OMG Object Constraint Language},
   author = {OMG},
   organization = {Object Management Group},
   address = {Needham, MA},
   edition = {formal/2012-01-01},
   month = jan,
   year = {2012},
   timestamp = {26.3.2012}, 
   note         = { URL: \url{http://www.omg.org/spec/OCL/2.3.1}; besucht am 9.7.2012.},
}

@MANUAL{SMC_introduction:2009,
   title = {SMC - The State Machine Compiler},
   author = {François Perrad},
   year = {2009},
   timestamp = {26.3.2012}, 
   note         = { URL: \url{http://smc.sourceforge.net/slides/smc.pdf}},
}

@MANUAL{SMC_tutorial,
   title = {The State Machine Compiler - Tutorial},
   author = {Eitan Suez},
   organization = {UptoData, Inc.},
   timestamp = {26.3.2012},
    note         = { URL: \url{http://smc.sourceforge.net/slides/SMC_Tutorial.pdf}},
}
@MANUAL{MagicDraw_usermanual,
   title = {Magicdraw User Manual},
   author = {No Magic, Inc.},
   organization = {No Magic, Inc.},
   edition = {17.0.1},
   year = {2011},
   note         = { URL: \url{http://www.nomagic.com/files/manuals/MagicDraw\%20UserManual.pdf}},
}

 
@Misc{Top:2012,
  title        = {TOPCASED v4.6}, 
  year         = {2012},
  institution   = {Object Management Group},
  HOWPUBLISHED = {Webseite},
  note         = {URL: \url{http://www.topcased.org};
                  besucht am 11.3.2012.}
}

@Misc{CameoMDA:2012,
  title        = {Cameo MDA}, 
  year         = {2012},
  institution   = {Cameo},
  HOWPUBLISHED = {Webseite},
  note         = {URL: \url{http://www.nomagic.com/products/magicdraw-addons/cameo-mda.html};
                  besucht am 13.6.2012.}
}

@book{Ref:UML,
author			= {James Rumbaugh , Ivar Jacobson ,Grady Booch},
title			= {The unified modeling language reference manual},
publisher		= {Upper Saddle River, Addison-Wesley},
isbn			= {0-321-24562-8},
year			= {2006},
edition			= {2},
page  	   		= {3-4},
}

@book{stachoh:1973,
  address = {Wien},
  author = {Stachowiak, Herbert},
  publisher = {Springer Verlag},
  title = {Allgemeine Modelltheorie},
  year = {1973}
} 

@book{Modellierung:UML,
author			= {Bernhard Rumpe},
title			= {Modellierung mit UML - Sprache, Konzepte und Methodik},
publisher		= {Springer Berlin Heidelberg},
isbn			= {978-3-642-22413-3},
year			= {2011},
edition			= {2},
page  	   		= {5-6}

}
@Article{StateCharts:HAREL,
  author 		= {David Harel},
  title 		= {State Charts: a Visual Formalism for Complex Systems},
  journal 		= {Science of Computer Programming},
  edition		= {8},
  year 			= {1987},
  page  	   		= {231-274},
  note        	= {Seite 231-274}

}
@book{pattern:Gamma,
 address = {Reading, MA},
  author = {Erich Gamma , Richard Helm,  Ralph Johnson,John Vlissides },
  isbn = {0-201-63361-2},
  publisher = {Addison-Wesley},
  title = {Design Patterns: Elements of Reusable Object-Oriented Software},
  edition = {1},
  year = {1995}
}

